[gd_scene load_steps=13 format=1]

[ext_resource path="res://Entities/Player.gd" type="Script" id=1]
[ext_resource path="res://Assets/Entities/ExplorerSpritesheet.png" type="Texture" id=2]

[sub_resource type="RectangleShape2D" id=1]

custom_solver_bias = 0.0
extents = Vector2( 20, 27 )

[sub_resource type="RectangleShape2D" id=2]

custom_solver_bias = 0.0
extents = Vector2( 20, 27 )

[sub_resource type="Animation" id=3]

resource/name = "Fadeout"
length = 1.0
loop = false
step = 0.1

[sub_resource type="Animation" id=4]

length = 0.2
loop = true
step = 0.1
tracks/0/type = "value"
tracks/0/path = NodePath("Sprite:frame")
tracks/0/interp = 1
tracks/0/imported = false
tracks/0/keys = {
"times": FloatArray( 0, 0.1 ),
"transitions": FloatArray( 1, 1 ),
"update": 1,
"values": [ 14, 15 ]
}

[sub_resource type="Animation" id=5]

length = 0.4
loop = true
step = 0.1
tracks/0/type = "value"
tracks/0/path = NodePath("Sprite:visibility/opacity")
tracks/0/interp = 1
tracks/0/imported = false
tracks/0/keys = {
"times": FloatArray( 0, 0.2 ),
"transitions": FloatArray( 1, 1 ),
"update": 0,
"values": [ 0.5, 1.0 ]
}

[sub_resource type="Animation" id=6]

length = 0.75
loop = true
step = 0.05
tracks/0/type = "value"
tracks/0/path = NodePath("Sprite:frame")
tracks/0/interp = 1
tracks/0/imported = false
tracks/0/keys = {
"times": FloatArray( 0, 0.25, 0.5 ),
"transitions": FloatArray( 1, 1, 1 ),
"update": 1,
"values": [ 0, 1, 2 ]
}

[sub_resource type="Animation" id=7]

length = 0.4
loop = false
step = 0.1
tracks/0/type = "value"
tracks/0/path = NodePath("Sprite:frame")
tracks/0/interp = 1
tracks/0/imported = false
tracks/0/keys = {
"times": FloatArray( 0, 0.1, 0.3 ),
"transitions": FloatArray( 1, 1, 1 ),
"update": 1,
"values": [ 12, 13, 17 ]
}

[sub_resource type="Animation" id=8]

resource/name = "Land"
length = 0.1
loop = false
step = 0.1
tracks/0/type = "value"
tracks/0/path = NodePath("Sprite:frame")
tracks/0/interp = 1
tracks/0/imported = false
tracks/0/keys = {
"times": FloatArray( 0, 0.1 ),
"transitions": FloatArray( 1, 1 ),
"update": 1,
"values": [ 12, 1 ]
}

[sub_resource type="Animation" id=9]

length = 0.4
loop = true
step = 0.1
tracks/0/type = "value"
tracks/0/path = NodePath("Sprite:frame")
tracks/0/interp = 1
tracks/0/imported = false
tracks/0/keys = {
"times": FloatArray( 0, 0.1, 0.2, 0.3 ),
"transitions": FloatArray( 1, 1, 1, 1 ),
"update": 1,
"values": [ 8, 9, 10, 11 ]
}

[sub_resource type="Animation" id=10]

length = 0.4
loop = false
step = 0.1
tracks/0/type = "value"
tracks/0/path = NodePath("Sprite:frame")
tracks/0/interp = 1
tracks/0/imported = false
tracks/0/keys = {
"times": FloatArray( 0, 0.2 ),
"transitions": FloatArray( 1, 1 ),
"update": 1,
"values": [ 16, 17 ]
}

[node name="Player" type="KinematicBody2D"]

input/pickable = false
shapes/0/shape = SubResource( 1 )
shapes/0/transform = Matrix32( 1, 0, 0, 1, -1, 5 )
shapes/0/trigger = false
collision/layers = 1
collision/mask = 1
collision/margin = 0.08
script/script = ExtResource( 1 )

[node name="CollisionShape2D" type="CollisionShape2D" parent="."]

transform/pos = Vector2( -1, 5 )
shape = SubResource( 1 )
trigger = false
_update_shape_index = 0

[node name="ActivationArea" type="Area2D" parent="."]

input/pickable = true
shapes/0/shape = SubResource( 2 )
shapes/0/transform = Matrix32( 1, 0, 0, 1, -1, 5 )
shapes/0/trigger = false
gravity_vec = Vector2( 0, 1 )
gravity = 98.0
linear_damp = 0.1
angular_damp = 1.0

[node name="CollisionShape2D" type="CollisionShape2D" parent="ActivationArea"]

transform/pos = Vector2( -1, 5 )
shape = SubResource( 2 )
trigger = false
_update_shape_index = 0

[node name="Sprite" type="Sprite" parent="."]

visibility/opacity = 0.816271
transform/pos = Vector2( 2.48634e-06, 5 )
texture = ExtResource( 2 )
vframes = 5
hframes = 4
frame = 12

[node name="AnimationPlayer" type="AnimationPlayer" parent="."]

playback/process_mode = 1
playback/default_blend_time = 0.0
root/root = NodePath("..")
anims/Fadeout = SubResource( 3 )
anims/Fall = SubResource( 4 )
anims/Hurt = SubResource( 5 )
anims/Idle = SubResource( 6 )
anims/Jump = SubResource( 7 )
anims/Land = SubResource( 8 )
anims/Run = SubResource( 9 )
anims/Walljump = SubResource( 10 )
next/Idle = "Idle"
next/Land = "Idle"
next/Run = "Idle"
playback/active = true
playback/speed = 1.0
blend_times = [  ]
autoplay = ""

[node name="WallRay" type="RayCast2D" parent="."]

transform/pos = Vector2( 21, 0 )
enabled = true
cast_to = Vector2( 2, 0 )
layer_mask = 1
type_mask = 1

[node name="FloorRay" type="RayCast2D" parent="."]

transform/pos = Vector2( 0, 27 )
enabled = true
cast_to = Vector2( 0, 80 )
layer_mask = 1
type_mask = 1


